{
  "leader": "01767cam a22003977i 4500",
  "fields": [
    {
      "008": "  190607t19992019ilua   b      000 1 eng"
    },
    {
      "010": {
        "subfields": [
          {
            "a": "  2019493854"
          },
          {
            "z": "88888888"
          }
        ],
        "ind1": " ",
        "ind2": " "
      }
    },
    {
      "019": {
        "subfields": [
          {
            "a": "19861509"
          },
          {
            "z": "09151986"
          }
        ],
      }
    },
    {
      "020": {
        "subfields": [
          {
            "a": "9780143789963"
          },
          {
            "q": "(paperback)"
          },
          {
            "z": "9999999"
          }
        ],
        "ind1": " ",
        "ind2": " "
      }
    },
    {
      "024": {
        "subfields": [
          {
            "a": "111"
          },
          {
            "d": "222"
          },
          {
            "q": "eanIdQal"
          },
          {
            "z": "333"
          }
        ],
        "ind1": "3"
      }
    },
    {
      "024": {
        "subfields": [
          {
            "a": "20232023"
          },
          {
            "d": "9999"
          },
          {
            "q": "otherIdQal"
          },
          {
            "z": "231123"
          }
        ]
      }
    },
    {
      "100": {
        "subfields": [
          {
            "a": "Creator PERSON name",
            "0": "Creator PERSON LCNAF id"
          }
        ]
      }
    },
    {
      "110": {
        "subfields": [
          {
            "a": "Creator ORGANIZATION name",
            "0": "Creator ORGANIZATION LCNAF id"
          }
        ]
      }
    },
    {
      "111": {
        "subfields": [
          {
            "a": "Creator MEETING name",
            "0": "Creator MEETING LCNAF id"
          }
        ]
      }
    },
    {
      "245": {
        "subfields": [
          {
            "a": "Instance MainTitle"
          },
          {
            "n": "8"
          },
          {
            "p": "Instance PartName"
          },
          {
            "b": "Instance SubTitle"
          },
          {
            "c": "Statement Of Responsibility"
          }
        ],
        "ind1": "1",
        "ind2": "7"
      }
    },
    {
      "245": {
        "subfields": [
          {
            "a": "Instance Title empty"
          }
        ]
      }
    },
    {
      "245": {
        "subfields": [
          {
            "b": "Instance Title empty label"
          }
        ]
      }
    },
    {
      "245": {
        "subfields": [
          {
          }
        ]
      }
    },
    {
      "246": {
        "subfields": [
          {
            "a": "Variant-MainTitle"
          },
          {
            "n": "5"
          },
          {
            "p": "Variant-PartName"
          },
          {
            "b": "Variant-SubTitle"
          },
          {
            "f": "2023-02-02"
          },
          {
            "i": "Variant-Note"
          }
        ],
        "ind1": "1",
        "ind2": "9"
      }
    },
    {
      "246": {
        "subfields": [
          {
            "a": "Parallel-MainTitle"
          },
          {
            "n": "6"
          },
          {
            "p": "Parallel-PartName"
          },
          {
            "b": "Parallel-SubTitle"
          },
          {
            "f": "2023-01-01"
          },
          {
            "i": "Parallel-Note"
          }
        ],
        "ind1": "1",
        "ind2": "1"
      }
    },
    {
      "250": {
        "subfields": [
          {
            "a": "Edition Statement"
          },
          {
            "b": "Edition statement2"
          }
        ],
        "ind1": "1",
        "ind2": "1"
      }
    },
    {
      "261": {
        "subfields": [
          {
            "b": "Manufacture261 Name"
          },
          {
            "d": "Manufacture261 Date"
          },
          {
            "f": "Manufacture261 Place"
          }
        ]
      }
    },
    {
      "262": {
        "subfields": [
          {
            "a": "Publication262 Place"
          },
          {
            "b": "Publication262 Name"
          },
          {
            "c": "Publication262 Date"
          }
        ],
        "ind1": " ",
        "ind2": " "
      }
    },
    {
      "263": {
        "subfields": [
          {
            "a": "projectedProvisionDate"
          }
        ]
      }
    },
    {
      "264": {
        "subfields": [
          {
            "a": "Production Place"
          },
          {
            "b": "Production Name"
          },
          {
            "c": "Production Date"
          }
        ],
        "ind1": " ",
        "ind2": "0"
      }
    },
    {
      "264": {
        "subfields": [
          {
            "a": "Publication Place"
          },
          {
            "b": "Publication Name"
          },
          {
            "c": "Publication Date"
          }
        ],
        "ind1": " ",
        "ind2": "1"
      }
    },
    {
      "264": {
        "subfields": [
          {
            "a": "Distribution Place"
          },
          {
            "b": "Distribution Name"
          },
          {
            "c": "Distribution Date"
          }
        ],
        "ind1": " ",
        "ind2": "2"
      }
    },
    {
      "264": {
        "subfields": [
          {
            "a": "Manufacture Place"
          },
          {
            "b": "Manufacture Name"
          },
          {
            "c": "Manufacture Date"
          }
        ],
        "ind1": " ",
        "ind2": "3"
      }
    },
    {
      "264": {
        "subfields": [
          {
            "c": "©2018"
          }
        ],
        "ind1": " ",
        "ind2": "4"
      }
    },
    {
      "300": {
        "subfields": [
          {
            "a": "extent"
          },
          {
            "c": "dimensions"
          }
        ]
      }
    },
    {
      "334": {
        "subfields": [
          {
            "a": "issuance"
          }
        ]
      }
    },
    {
      "337": {
        "subfields": [
          {
            "a": "MEDIA term"
          },
          {
            "b": "MEDIA code"
          }
        ]
      }
    },
    {
      "338": {
        "subfields": [
          {
            "a": "CARRIER term"
          },
          {
            "b": "CARRIER code"
          }
        ]
      }
    },
    {
      "520": {
        "subfields": [
          {
            "a": "work summary"
          }
        ],
        "ind1": "#"
      }
    },
    {
      "865": {
        "subfields": [
          {
            "u": "access location URI"
          },
          {
            "z": "access location note"
          }
        ]
      }
    },
    {
      "999": {
        "subfields": [
          {
            "i": "2165ef4b-001f-46b3-a60e-52bcdeb3d5a1"
          },
          {
            "s": "43d58061-decf-4d74-9747-0e1c368e861b"
          }
        ],
        "ind1": "f",
        "ind2": "f"
      }
    }
  ]
}
